<record><leader>01444cam a2200385 i 4500</leader><controlfield tag="001">6812646</controlfield><controlfield tag="003">OCoLC</controlfield><controlfield tag="005">20150216082222.0</controlfield><controlfield tag="008">140515t20152015caua     b    001 0 eng d</controlfield><datafield ind1=" " ind2=" " tag="020"><subfield code="a">9781483303086</subfield><subfield code="q">paperback</subfield></datafield><datafield ind1=" " ind2=" " tag="020"><subfield code="a">148330308X</subfield><subfield code="q">paperback</subfield></datafield><datafield ind1=" " ind2=" " tag="035"><subfield code="a">ocn902829577</subfield></datafield><datafield ind1=" " ind2=" " tag="040"><subfield code="a">YDXCP</subfield><subfield code="b">eng</subfield><subfield code="e">rda</subfield><subfield code="c">YDXCP</subfield><subfield code="d">UAB</subfield><subfield code="d">AEU</subfield></datafield><datafield ind1=" " ind2="4" tag="050"><subfield code="a">LB2831.63</subfield><subfield code="b">.B76 2015</subfield></datafield><datafield ind1="0" ind2="4" tag="082"><subfield code="a">371.2/011</subfield><subfield code="2">23</subfield></datafield><datafield ind1=" " ind2=" " tag="090"><subfield code="a">LB 2831.63 B76 2015</subfield><subfield code="b">AEU</subfield></datafield><datafield ind1="1" ind2=" " tag="100"><subfield code="a">Brown, Valerie,</subfield><subfield code="e">author.</subfield></datafield><datafield ind1="1" ind2="4" tag="245"><subfield code="a">The mindful school leader :</subfield><subfield code="b">practices to transform your leadership and school /</subfield><subfield code="c">Valerie Brown, Kirsten Olson ; foreword by Richard Brady.</subfield></datafield><datafield ind1=" " ind2="1" tag="264"><subfield code="a">Thousand Oaks, California :</subfield><subfield code="b">Corwin, a SAGE company,</subfield><subfield code="c">[2015]</subfield></datafield><datafield ind1=" " ind2="4" tag="264"><subfield code="c">&#169;2015</subfield></datafield><datafield ind1=" " ind2=" " tag="300"><subfield code="a">xxx, 225 pages :</subfield><subfield code="b">illustrations ;</subfield><subfield code="c">26 cm</subfield></datafield><datafield ind1=" " ind2=" " tag="336"><subfield code="a">text</subfield><subfield code="b">txt</subfield><subfield code="2">rdacontent</subfield></datafield><datafield ind1=" " ind2=" " tag="337"><subfield code="a">unmediated</subfield><subfield code="b">n</subfield><subfield code="2">rdamedia</subfield></datafield><datafield ind1=" " ind2=" " tag="338"><subfield code="a">volume</subfield><subfield code="b">nc</subfield><subfield code="2">rdacarrier</subfield></datafield><datafield ind1=" " ind2=" " tag="504"><subfield code="a">Includes bibliographical references and index.</subfield></datafield><datafield ind1=" " ind2=" " tag="596"><subfield code="a">41</subfield></datafield><datafield ind1=" " ind2="0" tag="650"><subfield code="a">Educational leadership</subfield><subfield code="x">Psychological aspects.</subfield></datafield><datafield ind1=" " ind2="0" tag="650"><subfield code="a">Awareness.</subfield></datafield><datafield ind1=" " ind2="0" tag="650"><subfield code="a">Attention.</subfield></datafield><datafield ind1=" " ind2="0" tag="650"><subfield code="a">Meditation.</subfield></datafield><datafield ind1=" " ind2="0" tag="650"><subfield code="a">Stress (Psychology)</subfield><subfield code="x">Prevention.</subfield></datafield><datafield ind1="1" ind2=" " tag="700"><subfield code="a">Olson, Kirsten,</subfield><subfield code="e">author.</subfield></datafield><datafield ind1="1" ind2=" " tag="700"><subfield code="a">Brady, Richard,</subfield><subfield code="e">author of foreword.</subfield></datafield><datafield ind1=" " ind2=" " tag="949"><subfield code="a">LB 2831.63 B76 2015</subfield><subfield code="h">UAED-B</subfield><subfield code="i">0162035244225</subfield></datafield><datafield ind1=" " ind2=" " tag="926"><subfield code="a">LB 2831.63 B76 2015</subfield><subfield code="w">LC</subfield><subfield code="c">1</subfield><subfield code="i">0162035244225</subfield><subfield code="d">12/1/2016</subfield><subfield code="e">11/18/2016</subfield><subfield code="l">FLOOR_2</subfield><subfield code="m">UAEDUC</subfield><subfield code="n">2</subfield><subfield code="p">$150.00</subfield><subfield code="r">Y</subfield><subfield code="s">Y</subfield><subfield code="t">BOOK</subfield><subfield code="u">2/26/2015</subfield></datafield></record>